<?xml version="1.0" encoding="UTF-8" ?>
<collection xmlns:xsi="http://www.w3.org/2001/XMLSchema-instance" xsi:schemaLocation="http://www.loc.gov/MARC21/slim http://www.loc.gov/standards/marcxml/schema/MARC21slim.xsd" xmlns="http://www.loc.gov/MARC21/slim">
   <record>
      <leader>     mam a22      a 4500</leader>
      <controlfield tag="001">1818637</controlfield>
      <controlfield tag="003">NIC</controlfield>
      <controlfield tag="005">20130426104928.0</controlfield>
      <controlfield tag="008">870922s1963    ir       b    001 0 arar </controlfield>
      <datafield tag="010" ind1=" " ind2=" ">
         <subfield code="a">   86930180  </subfield>
      </datafield>
      <datafield tag="035" ind1=" " ind2=" ">
         <subfield code="a">(NIC)notisAJM5136</subfield>
      </datafield>
      <datafield tag="035" ind1=" " ind2=" ">
         <subfield code="a">(OCoLC)20295274</subfield>
      </datafield>
      <datafield tag="035" ind1=" " ind2=" ">
         <subfield code="a">1818637</subfield>
      </datafield>
      <datafield tag="040" ind1=" " ind2=" ">
         <subfield code="d">NIC</subfield>
      </datafield>
      <datafield tag="050" ind1="0" ind2=" ">
         <subfield code="a">BP130.4</subfield>
         <subfield code="b">.H89 1963</subfield>
      </datafield>
      <datafield tag="100" ind1="1" ind2=" ">
         <subfield code="a">Ḥuwayzī, ʻAbd ʻAlī ibn Jumʻah,</subfield>
         <subfield code="d">17th cent.</subfield>
      </datafield>
      <datafield tag="240" ind1="1" ind2="0">
         <subfield code="a">Nūr al-thaqalayn</subfield>
      </datafield>
      <datafield tag="245" ind1="1" ind2="0">
         <subfield code="a">Kitāb tafsīr Nūr al-thaqalayn /</subfield>
         <subfield code="c">li-muʼallifihi ʻAbd ʻAlī ibn Jumʻah al-ʻArūsī al-Ḥuwayzī ; saḥḥaḥahu wa-ʻallaqa ʻalayhi Hāshim al-Rasūlī al-Maḥallātī.</subfield>
      </datafield>
      <datafield tag="250" ind1=" " ind2=" ">
         <subfield code="a">[al-Ṭabʻah 2.].</subfield>
      </datafield>
      <datafield tag="260" ind1=" " ind2=" ">
         <subfield code="a">Qum :</subfield>
         <subfield code="b">al-Maṭbaʻah al-ʻIlmīyah,</subfield>
         <subfield code="c">[1963?]</subfield>
      </datafield>
      <datafield tag="300" ind1=" " ind2=" ">
         <subfield code="a">5 v. ;</subfield>
         <subfield code="c">25 cm.</subfield>
      </datafield>
      <datafield tag="504" ind1=" " ind2=" ">
         <subfield code="a">Includes bibliographical references and indexes.</subfield>
      </datafield>
      <datafield tag="630" ind1="0" ind2="0">
         <subfield code="a">Qurʼan</subfield>
         <subfield code="x">Commentaries</subfield>
         <subfield code="x">Early works to 1800.</subfield>
      </datafield>
      <datafield tag="700" ind1="1" ind2=" ">
         <subfield code="a">Rasūlī Maḥallātī, Hāshim.</subfield>
      </datafield>
      <datafield tag="740" ind1="0" ind2=" ">
         <subfield code="a">Tafsīr Nūr al-thaqalayn.</subfield>
      </datafield>
      <datafield tag="740" ind1="0" ind2=" ">
         <subfield code="a">Nūr al-thaqalayn.</subfield>
      </datafield>
      <datafield tag="905" ind1=" " ind2=" ">
         <subfield code="a">19910320120000.0</subfield>
      </datafield>
      <datafield tag="948" ind1="2" ind2=" ">
         <subfield code="a">20100330</subfield>
         <subfield code="b">m</subfield>
         <subfield code="d">batch</subfield>
         <subfield code="e">lts</subfield>
         <subfield code="x">del9XXtxt</subfield>
      </datafield>
      <datafield tag="995" ind1=" " ind2=" ">
         <subfield code="a">Hivolm</subfield>
         <subfield code="d">20100330</subfield>
      </datafield>
      <datafield tag="903" ind1=" " ind2=" ">
         <subfield code="a">NYUACO</subfield>
         <subfield code="d">20140514</subfield>
         <subfield code="p">31924059307227</subfield>
      </datafield>
      <datafield tag="950" ind1=" " ind2=" ">
         <subfield code="a">BP130.4</subfield>
         <subfield code="b">.H98 1963</subfield>
         <subfield code="v">juz1 </subfield>
      </datafield>
      <datafield tag="903" ind1=" " ind2=" ">
         <subfield code="a">NYUACO</subfield>
         <subfield code="d">20140514</subfield>
         <subfield code="p">31924059307235</subfield>
      </datafield>
      <datafield tag="950" ind1=" " ind2=" ">
         <subfield code="a">BP130.4</subfield>
         <subfield code="b">.H98 1963</subfield>
         <subfield code="v">juz2 </subfield>
      </datafield>
      <datafield tag="903" ind1=" " ind2=" ">
         <subfield code="a">NYUACO</subfield>
         <subfield code="d">20140514</subfield>
         <subfield code="p">31924059307243</subfield>
      </datafield>
      <datafield tag="950" ind1=" " ind2=" ">
         <subfield code="a">BP130.4</subfield>
         <subfield code="b">.H98 1963</subfield>
         <subfield code="v">juz3 </subfield>
      </datafield>
      <datafield tag="903" ind1=" " ind2=" ">
         <subfield code="a">NYUACO</subfield>
         <subfield code="d">20140514</subfield>
         <subfield code="p">31924059307250</subfield>
      </datafield>
      <datafield tag="950" ind1=" " ind2=" ">
         <subfield code="a">BP130.4</subfield>
         <subfield code="b">.H98 1963</subfield>
         <subfield code="v">juz5 </subfield>
      </datafield>
      <datafield tag="903" ind1=" " ind2=" ">
         <subfield code="a">NYUACO</subfield>
         <subfield code="d">20140514</subfield>
         <subfield code="p">31924059307268</subfield>
      </datafield>
      <datafield tag="950" ind1=" " ind2=" ">
         <subfield code="a">BP130.4</subfield>
         <subfield code="b">.H98 1963</subfield>
         <subfield code="v">juz4 </subfield>
      </datafield>
   </record>
</collection>
